% https://www.cs.princeton.edu/courses/archive/fall13/cos597E/papers/sdnhistory.pdf
@article{sdn-definition,
  title={The road to SDN: an intellectual history of programmable networks},
  author={Feamster, Nick and Rexford, Jennifer and Zegura, Ellen},
  journal={ACM SIGCOMM Computer Communication Review},
  volume={44},
  number={2},
  pages={87--98},
  year={2014},
  publisher={ACM New York, NY, USA}
}

% https://onosproject.org/
@misc{opennetworking-org,
author = {Open Networking Foundation},
title = {ONOS - A new carrier-grade SDN network operating system designed for high availability, performance, scale-out.},
howpublished = {Available at https://onosproject.org/ (Accessed May 2023)},
}

% https://onosproject.org/
@misc{github-onos,
author = {GitHub - OpenNetworkingLab},
title = {Open Network Operating System},
howpublished = {\\Available at https://github.com/opennetworkinglab/onos (Accessed May 2023)},
}

% https://ieeexplore.ieee.org/document/6702553
@inproceedings{sdn-security-survey,
  title={SDN security: A survey},
  author={Scott-Hayward, Sandra and O'Callaghan, Gemma and Sezer, Sakir},
  booktitle={2013 IEEE SDN For Future Networks and Services (SDN4FNS)},
  pages={1--7},
  year={2013},
  organization={IEEE}
}

% https://ieeexplore.ieee.org/abstract/document/8920310
@INPROCEEDINGS{class-poison-attacks,
  author={Sattolo, Thomas A. V. and Macwan, Saumil and Vezina, Michael J. and Matrawy, Ashraf},
  booktitle={2019 IEEE International Conference on Wireless for Space and Extreme Environments (WiSEE)}, 
  title={Classifying Poisoning Attacks in Software Defined Networking}, 
  year={2019},
  volume={},
  number={},
  pages={59-64},
  doi={10.1109/WiSEE.2019.8920310}
}

% https://wiki.onosproject.org/display/ONOS/ONOS+Application+Permissions
@misc{secmode-perms,
author = {ONOS Official Wiki},
title = {ONOS Application Permissions},
howpublished = {\\Available at https://wiki.onosproject.org/display/ONOS/ONOS+Application+Permissions (Accessed May 2023)},
}

% https://dl.acm.org/doi/10.1145/3243734.3243759
@inproceedings{cap-sdn,
  title={Cross-app poisoning in software-defined networking},
  author={Ujcich, Benjamin E and Jero, Samuel and Edmundson, Anne and Wang, Qi and Skowyra, Richard and Landry, James and Bates, Adam and Sanders, William H and Nita-Rotaru, Cristina and Okhravi, Hamed},
  booktitle={Proceedings of the 2018 ACM SIGSAC conference on computer and communications security},
  pages={648--663},
  year={2018}
}

% https://dl.acm.org/doi/10.1145/3134600.3134603
@inproceedings{secmode,
  title={A security-mode for carrier-grade sdn controllers},
  author={Yoon, Changhoon and Shin, Seungwon and Porras, Phillip and Yegneswaran, Vinod and Kang, Heedo and Fong, Martin and O'Connor, Brian and Vachuska, Thomas},
  booktitle={Proceedings of the 33rd Annual Computer Security Applications Conference},
  pages={461--473},
  year={2017}
}

% https://www.ndss-symposium.org/wp-content/uploads/2017/09/10_3_2.pdf
@inproceedings{tlsapis,
  title={Securing the software defined network control layer.},
  author={Porras, Phillip A and Cheung, Steven and Fong, Martin W and Skinner, Keith and Yegneswaran, Vinod},
  booktitle={Ndss},
  year={2015}
}

% https://dl.acm.org/doi/pdf/10.1145/2914642.2914647
@inproceedings{aegis,
  title={Enabling dynamic access control for controller applications in software-defined networks},
  author={Padekar, Hitesh and Park, Younghee and Hu, Hongxin and Chang, Sang-Yoon},
  booktitle={Proceedings of the 21st ACM on Symposium on Access Control Models and Technologies},
  pages={51--61},
  year={2016}
}

% https://ieeexplore.ieee.org/abstract/document/7997249
@INPROCEEDINGS{dac,
  author={Tseng, Yuchia and Pattaranantakul, Montida and He, Ruan and Zhang, Zonghua and Naït-Abdesselam, Farid},
  booktitle={2017 IEEE International Conference on Communications (ICC)}, 
  title={Controller DAC: Securing SDN controller with dynamic access control}, 
  year={2017},
  volume={},
  number={},
  pages={1-6},
  doi={10.1109/ICC.2017.7997249}
}

% https://dl.acm.org/doi/10.1145/2660267.2660353
@inproceedings{rosemary,
  title={Rosemary: A robust, secure, and high-performance network operating system},
  author={Shin, Seungwon and Song, Yongjoo and Lee, Taekyung and Lee, Sangho and Chung, Jaewoong and Porras, Phillip and Yegneswaran, Vinod and Noh, Jiseong and Kang, Brent Byunghoon},
  booktitle={Proceedings of the 2014 ACM SIGSAC conference on computer and communications security},
  pages={78--89},
  year={2014}
}

% https://ieeexplore.ieee.org/document/9789775
@INPROCEEDINGS{virtual-cap-sdn,
  author={Lamb, Ivan Peter and Saquetti, Mateus and de Oliveira, Guilherme Bueno and Rodrigo Azambuja, José and Cordeiro, Weverton},
  booktitle={NOMS 2022-2022 IEEE/IFIP Network Operations and Management Symposium}, 
  title={Protecting Virtual Programmable Switches from Cross-App Poisoning (CAP) Attacks}, 
  year={2022},
  volume={},
  number={},
  pages={1-9},
  doi={10.1109/NOMS54207.2022.9789775}
}

% https://ieeexplore.ieee.org/document/9974809
@INPROCEEDINGS{dt-manager,
  author={Polverini, Marco and Lavacca, Francesco G. and Galán-Jiménez, Jaime and Aureli, Davide and Cianfrani, Antonio and Listanti, Marco},
  booktitle={2022 IEEE Conference on Network Function Virtualization and Software Defined Networks (NFV-SDN)}, 
  title={Digital Twin Manager: A Novel Framework to Handle Conflicting Network Applications}, 
  year={2022},
  volume={},
  number={},
  pages={85-88},
  doi={10.1109/NFV-SDN56302.2022.9974809}
}

% https://karaf.apache.org/manual/latest/
@misc{karaf-docs,
author = {Apache Software Foundation},
title = {Apache Karaf Documentation},
howpublished = {\\Available at https://karaf.apache.org/manual/latest/ (Accessed May 2023)},
}

% https://api.onosproject.org/2.7.0/apidocs/
@misc{apidocs,
author = {ONOS Java API},
title = {ONOS 2.7.0 API Documentation},
howpublished = {\\Available at https://api.onosproject.org/2.7.0/apidocs/ (Accessed May 2023)},
}

% http://events17.linuxfoundation.org/sites/events/files/slides/smonos\_ons2016.pdf
@misc{secmodeslides,
author = {SRI International and OpenNetworkingLab},
title = {Security-Mode ONOS},
howpublished = {\\Available at http://events17.linuxfoundation.org/sites/events/files/slides/smonos\_ons2016.pdf (Accessed May 2023)},
year = {2016}
}

% https://github.com/mininet/mininet
@misc{mininetgh,
author = {GitHub - Mininet},
title = {Mininet},
howpublished = {\\Available at https://github.com/mininet/mininet (Accessed May 2023)},
}

% https://python.igraph.org/en/stable/api/igraph.Graph.html
@misc{igraph-api,
author = {iGraph Development Team},
title = {python-igraph API reference},
howpublished = {\\Available at https://python.igraph.org/en/stable/api/igraph.Graph.html (Accessed May 2023)},
}

% https://www.oracle.com/technical-resources/articles/java/javareflection.html
@misc{javareflection,
author = {Glen McCluskey in Oracle},
title = {Using Java Reflection},
howpublished = {\\Available at https://www.oracle.com/technical-resources/articles/java/javareflection.html (Accessed May 2023)},
year = {1998},
}

% https://nvd.nist.gov/vuln/detail/CVE-2023-24279
@misc{CVE-2023-24279,
author = {NIST National Vulnerability Database},
title = {CVE-2023-24279},
howpublished = {\\Available at https://nvd.nist.gov/vuln/detail/CVE-2023-24279 (Accessed May 2023)},
}

% https://swagger.io/resources/open-api/
@misc{openapi,
author = {Swagger},
title = {OpenAPI Specification},
howpublished = {\\Available at https://swagger.io/resources/open-api/ (Accessed May 2023)},
}

% https://auth0.com/intro-to-iam/what-is-oauth-2
@misc{oauth,
author = {OAuth},
title = {What is OAuth 2.0},
howpublished = {\\Available at https://auth0.com/intro-to-iam/what-is-oauth-2 (Accessed May 2023)},
}

% https://angular.io/guide/security
@misc{angular,
author = {Angular Documentation},
title = {Angular Security},
howpublished = {\\Available at https://angular.io/guide/security (Accessed May 2023)},
}

% https://nvd.nist.gov/vuln/detail/CVE-2017-1000078
@misc{CVE-2017-1000078,
author = {NIST National Vulnerability Database},
title = {CVE-2017-1000078},
howpublished = {\\Available at https://nvd.nist.gov/vuln/detail/CVE-2017-1000078 (Accessed May 2023)},
}

% https://hub.docker.com/r/onosproject/onos
@misc{dockeronos,
author = {Docker Hub},
title = {onosproject/onos},
howpublished = {\\Available at https://hub.docker.com/r/onosproject/onos/ (Accessed May 2023)},
}

% https://wiki.onosproject.org/display/ONOS/Security+advisories
@misc{sec-adv-onos,
author = {ONOS Official Wiki},
title = {Security advisories},
howpublished = {\\Available at https://wiki.onosproject.org/display/ONOS/Security+advisories (Accessed May 2023)},
}